@article{BadNL,
    author  = "Xiaoyi Chen and Ahmed Salem and Dingfan Chen and Michael Backes and Shiqing Ma and Qingni Shen and Zhonghai Wu and Yang Zhang",
    title   = "BadNL: Backdoor Attacks against NLP Models with Semantic-preserving Improvements",
    year    = "2020",
    journal = "arXiv",
    DOI     = "https://arxiv.org/abs/2006.01043",
}